@article{sc_lens,
  author="Simonetta Frittelli and Thomas P. Kling and Ezra T. Newman",
  title="Spacetime perspective of {S}chwarzschild lensing",
  journal="Phys. Rev. D",
  volume="61",
  number="064021",
  year="2000",
  DOI="https://arxiv.org/pdf/gr-qc/0001037.pdf"
}

@article{gen_lens,
  author="Volker Perlick",
  title="Exact gravitational lens equation in spherically symmetric and static spacetimes",
  journal="Phys. Rev. D",
  volume="69",
  number="064017",
  year="2004",
  DOI="https://arxiv.org/pdf/gr-qc/0307072.pdf"
}
